<?xml version="1.0" encoding="UTF-8"?><record xmlns="http://www.loc.gov/MARC21/slim" xmlns:cinclude="http://apache.org/cocoon/include/1.0" xmlns:zs="http://www.loc.gov/zing/srw/">
  <leader>00377nz  a2200133n  4500</leader>
  <controlfield tag="001">n  94057488 </controlfield>
  <controlfield tag="003">DLC</controlfield>
  <controlfield tag="005">19940615135650.7</controlfield>
  <controlfield tag="008">940615n| acannaab|          |a aaa |||  </controlfield>
  <datafield tag="010" ind1=" " ind2=" ">
    <subfield code="a">n  94057488 </subfield>
  </datafield>
  <datafield tag="040" ind1=" " ind2=" ">
    <subfield code="a">DLC</subfield>
    <subfield code="c">DLC</subfield>
  </datafield>
  <datafield tag="100" ind1="1" ind2="0">
    <subfield code="a">Farraj, Anthony J.</subfield>
  </datafield>
  <datafield tag="400" ind1="1" ind2="0">
    <subfield code="a">Farraj, Tony</subfield>
  </datafield>
  <datafield tag="670" ind1=" " ind2=" ">
    <subfield code="a">Emerging organizing trends, c1993:</subfield>
    <subfield code="b">t.p. (Anthony J. Farraj) p. v (Tony Farraj, Cargill Inc.)</subfield>
  </datafield>
</record>